<?xml version="1.0" encoding="UTF-8"?><collection xmlns="http://www.loc.gov/MARC21/slim"><record><leader>00400nam--2200133-i-4500</leader><controlfield tag="001">000032873</controlfield><controlfield tag="002">20161230</controlfield><controlfield tag="005">20161230201039</controlfield><controlfield tag="008">060222s1000------------r-----000-0-eng-d</controlfield><datafield ind1=" " ind2=" " tag="080"><subfield code="a">614.876</subfield></datafield><datafield ind1=" " ind2=" " tag="245"><subfield code="a">Metode de combatere a radiatiilor nocive</subfield></datafield><datafield ind1=" " ind2=" " tag="260"><subfield code="a">Bucuresti, Institutul National De Informare Si Documentare Stiintifica Si Tehnica, 1973. 24p</subfield></datafield><datafield ind1=" " ind2=" " tag="490"><subfield code="a">Cercetare Documentara</subfield></datafield><datafield ind1=" " ind2=" " tag="852"><subfield code="a">D.1330</subfield></datafield></record></collection>